@article{10.2307/2323195,
 ISSN = {00029890, 19300972},
 URL = {http://www.jstor.org/stable/2323195},
 author = {P. T. Bateman and J. L. Selfridge and S. S. Wagstaff},
 journal = {The American Mathematical Monthly},
 number = {2},
 pages = {125--128},
 publisher = {Mathematical Association of America},
 title = {The Editor's Corner: The New Mersenne Conjecture},
 volume = {96},
 year = {1989}
}